%% This BibTeX bibliography file was created using BibDesk.
%% http://bibdesk.sourceforge.net/

%% Created for Kyle Chezik at 2017-04-08 13:48:34 -0700 


%% Saved with string encoding Unicode (UTF-8) 



@article{Pecl:2017,
	Author = {Pecl, Gretta T. and Ara{\'u}jo, Miguel B. and Bell, Johann D. and Blanchard, Julia and Bonebrake, Timothy C. and Chen, I-Ching and Clark, Timothy D. and Colwell, Robert K. and Danielsen, Finn and Eveng{\aa}rd, Birgitta and Falconi, Lorena and Ferrier, Simon and Frusher, Stewart and Garcia, Raquel A. and Griffis, Roger B. and Hobday, Alistair J. and Janion-Scheepers, Charlene and Jarzyna, Marta A. and Jennings, Sarah and Lenoir, Jonathan and Linnetved, Hlif I. and Martin, Victoria Y. and McCormack, Phillipa C. and McDonald, Jan and Mitchell, Nicola J. and Mustonen, Tero and Pandolfi, John M. and Pettorelli, Nathalie and Popova, Ekaterina and Robinson, Sharon A. and Scheffers, Brett R. and Shaw, Justine D. and Sorte, Cascade J. B. and Strugnell, Jan M. and Sunday, Jennifer M. and Tuanmu, Mao-Ning and Verg{\'e}s, Adriana and Villanueva, Cecilia and Wernberg, Thomas and Wapstra, Erik and Williams, Stephen E.},
	Date-Added = {2017-04-08 20:47:44 +0000},
	Date-Modified = {2017-04-08 20:48:04 +0000},
	Doi = {10.1126/science.aai9214},
	Eprint = {http://science.sciencemag.org/content/355/6332/eaai9214.full.pdf},
	Issn = {0036-8075},
	Journal = {Science},
	Number = {6332},
	Publisher = {American Association for the Advancement of Science},
	Title = {Biodiversity redistribution under climate change: Impacts on ecosystems and human well-being},
	Url = {http://science.sciencemag.org/content/355/6332/eaai9214},
	Volume = {355},
	Year = {2017},
	Bdsk-Url-1 = {http://science.sciencemag.org/content/355/6332/eaai9214},
	Bdsk-Url-2 = {http://dx.doi.org/10.1126/science.aai9214}}

@article{Zhang:2014,
	Author = {Zhang, Mingfang and Wei, Xiaohua},
	Doi = {10.1002/eco.1374},
	Issn = {1936-0592},
	Journal = {Ecohydrology},
	Number = {2},
	Pages = {544-556},
	Title = {Alteration of flow regimes caused by large‐scale forest disturbance: a case study from a large watershed in the interior of {British Columbia, Canada}},
	Volume = {7},
	Year = {2014},
	Bdsk-Url-1 = {http://dx.doi.org/10.1002/eco.1374}}

@article{Yeakel:2014,
	Author = {Yeakel, {JD} and Moore, {JW} and Guimar{\~a}es, {PR} and Aguiar, {MAM}},
	Doi = {10.1111/ele.12228},
	Issn = {1461-0248},
	Journal = {Ecol Lett},
	Number = {3},
	Pages = {273-283},
	Pmid = {24304967},
	Title = {Synchronisation and stability in river metapopulation networks},
	Volume = {17},
	Year = {2014},
	Bdsk-Url-1 = {http://dx.doi.org/10.1111/ele.12228}}

@article{Xenopoulos:2006,
	Author = {Xenopoulos, Marguerite A and Lodge, David M},
	Issn = {0012-9658},
	Journal = {Ecology},
	Number = {8},
	Pages = {1907-14},
	Pmid = {16937627},
	Title = {Going with the flow: using species-discharge relationships to forecast losses in fish biodiversity.},
	Volume = {87},
	Year = {2006}}

@article{Wang:2016,
	Author = {Wang, Tongli and Hamann, Andreas and Spittlehouse, Dave and Carroll, Carlos},
	Doi = {10.1371/journal.pone.0156720},
	Journal = {PLoS One},
	Number = {6},
	Pages = {e0156720},
	Pmcid = {{PMC4898765}},
	Pmid = {27275583},
	Title = {Locally downscaled and spatially customizable climate data for historical and future periods for North America},
	Volume = {11},
	Year = {2016},
	Bdsk-Url-1 = {http://dx.doi.org/10.1371/journal.pone.0156720}}

@article{Vorosmarty:2010,
	Author = {V{\"o}r{\"o}smarty, {CJ} and {McIntyre,} {PB} and Gessner, {MO} and Dudgeon, D},
	Doi = {10.1038/nature09440},
	Journal = {Nature},
	Title = {Global threats to human water security and river biodiversity},
	Year = {2010},
	Bdsk-Url-1 = {http://dx.doi.org/10.1038/nature09440}}

@misc{Hartmann:2013,
	Author = {Hartmann, {DL} and Tank, {AMG} and Rusticucci, M},
	Publisher = {Cambridge University Press},
	Title = {2013: Observations: Atmosphere and Surface. In: Climate Change 2013: The Physical Science Basis. Contribution of Working Group I to the Fifth Assessment Report of the {INtergovernmental} Panel on Climate Change [ Stocker, {T.F.,} D. Qin, {G.-K.} Plattner, M. Tignor, {S.K} Allen, J. Boschung, A. Nauels, Y. Xia, V. Bex and {P.M.} Midgley (eds.)].},
	Year = {2013}}

@article{Stahl:2006,
	Author = {Stahl, K. and Moore, R.},
	Doi = {10.1029/2006WR005022},
	Issn = {1944-7973},
	Journal = {Water Resour Res},
	Number = {6},
	Pages = {n/a-n/a},
	Title = {Influence of watershed glacier coverage on summer streamflow in British Columbia, Canada},
	Volume = {42},
	Year = {2006},
	Bdsk-Url-1 = {http://dx.doi.org/10.1029/2006WR005022}}

@article{Rauscher:2008,
	Author = {Rauscher, Sara A and Pal, Jeremy S and Diffenbaugh, Noah S and Benedetti, Michael M},
	Doi = {10.1029/2008GL034424},
	Issn = {1944-8007},
	Journal = {Geophys Res Lett},
	Number = {16},
	Title = {Future changes in snowmelt‐driven runoff timing over the western {US}},
	Volume = {35},
	Year = {2008},
	Bdsk-Url-1 = {http://dx.doi.org/10.1029/2008GL034424}}

@article{Poff:2007,
	Author = {Poff, {LeRoy} N and Olden, Julian D and Merritt, David M and Pepin, David M},
	Doi = {10.1073/pnas.0609812104},
	Issn = {0027-8424},
	Journal = {Proc Natl Acad Sci},
	Number = {14},
	Pages = {5732-5737},
	Pmcid = {{PMC1851560}},
	Pmid = {17360379},
	Title = {Homogenization of regional river dynamics by dams and global biodiversity implications},
	Volume = {104},
	Year = {2007},
	Bdsk-Url-1 = {http://dx.doi.org/10.1073/pnas.0609812104}}

@article{Peterson:2013,
	Author = {Peterson, Erin E and Hoef, Jay M and Isaak, Dan J and Falke, Jeffrey A and Fortin, {Marie‐Jos{\'e}e} and Jordan, Chris E and {McNyset,} Kristina and Monestiez, Pascal and Ruesch, Aaron S and Sengupta, Aritra and Som, Nicholas and Steel, Ashley E and Theobald, David M and Torgersen, Christian E and Wenger, Seth J},
	Doi = {10.1111/ele.12084},
	Issn = {1461-0248},
	Journal = {Ecol Lett},
	Number = {5},
	Pages = {707-719},
	Pmid = {23458322},
	Title = {Modelling dendritic ecological networks in space: an integrated network perspective},
	Volume = {16},
	Year = {2013},
	Bdsk-Url-1 = {http://dx.doi.org/10.1111/ele.12084}}

@article{Palmer:2009,
	Author = {Palmer, Margaret A and Lettenmaier, Dennis P and Poff, {LeRoy} N and Postel, Sandra L and Richter, Brian and Warner, Richard},
	Doi = {10.1007/s00267-009-9329-1},
	Issn = {{0364-152X}},
	Journal = {Environ Manage},
	Number = {6},
	Pages = {1053-1068},
	Pmid = {19597873},
	Title = {Climate Change and River Ecosystems: Protection and Adaptation Options},
	Volume = {44},
	Year = {2009},
	Bdsk-Url-1 = {http://dx.doi.org/10.1007/s00267-009-9329-1}}

@article{Nijssen:2001,
	Author = {Nijssen, B and {O'Donnell,} {GM} and Hamlet, {AF} and Lettenmaier, {DP}},
	Journal = {Clim Change},
	Title = {Hydrologic sensitivity of global rivers to climate change},
	Year = {2001}}

@article{Narain:2011,
	Author = {Narain, Urvashi and Margulis, Sergio and Essam, Timothy},
	Doi = {10.1080/14693062.2011.582387},
	Issn = {1469-3062},
	Journal = {Climate Policy},
	Number = {3},
	Pages = {1001-1019},
	Title = {Estimating costs of adaptation to climate change},
	Volume = {11},
	Year = {2011},
	Bdsk-Url-1 = {http://dx.doi.org/10.1080/14693062.2011.582387}}

@article{Morrison:2002,
	Author = {Morrison, J and Quick, {MC} and Foreman, {MGG}},
	Journal = {J Hydrol},
	Pages = {230-244},
	Title = {Climate change in the {Fraser River} watershed: flow and temperature projections},
	Volume = {263},
	Year = {2002}}

@article{Moore:2015,
	Author = {Moore, Jonathan W and Beakes, Michael P and Nesbitt, Holly K and Yeakel, Justin D and Patterson, David A and Thompson, Lisa A and Phillis, Corey C and Braun, Douglas C and Favaro, Corinna and Scott, David and {Carr-Harris,} Charmaine and Atlas, William I},
	Doi = {10.1890/14-0326.1},
	Issn = {1939-9170},
	Journal = {Ecology},
	Number = {2},
	Pages = {340-347},
	Pmid = {26240855},
	Title = {Emergent stability in a large, free‐flowing watershed},
	Volume = {96},
	Year = {2015},
	Bdsk-Url-1 = {http://dx.doi.org/10.1890/14-0326.1}}

@misc{Melillo:2014,
	Author = {Melillo, {JM} and Richmond, {TTC}},
	Pages = {841},
	Title = {Climate change impacts in the {U}nited {S}tates},
	Year = {2014}}

@article{McCabe:2014,
	Author = {{McCabe,} Gregory J and Wolock, David M},
	Doi = {10.1002/2014GL061980},
	Journal = {Geophys Res Lett},
	Number = {19},
	Pages = {6889-6897},
	Title = {Spatial and temporal patterns in conterminous United States streamflow characteristics},
	Volume = {41},
	Year = {2014},
	Bdsk-Url-1 = {http://dx.doi.org/10.1002/2014GL061980}}

@book{Pinheiro:2000,
	Author = {Pinheiro, {JC} and Bates, {DM}},
	Publisher = {Springer},
	Title = {{Mixed-Effects} Models in S and {S-PLUS}},
	Year = {2000}}

@article{Lindsay:2016,
	Author = {Lindsay, {JB}},
	Journal = {Comp Geosci},
	Pages = {75-84},
	Title = {Whitebox {GAT:} A case study in geomorphometric analysis},
	Volume = {95},
	Year = {2016}}

@article{Jones:2012,
	Author = {Jones, Holly P and Hole, David G and Zavaleta, Erika S},
	Doi = {10.1038/nclimate1463},
	Issn = {{1758-678X}},
	Journal = {Nat Clim Chang},
	Number = {7},
	Pages = {504-509},
	Title = {Harnessing nature to help people adapt to climate change},
	Volume = {2},
	Year = {2012},
	Bdsk-Url-1 = {http://dx.doi.org/10.1038/nclimate1463}}

@article{Hirabayashi:2013,
	Author = {Hirabayashi, Yukiko and Mahendran, Roobavannan and Koirala, Sujan and Konoshima, Lisako and Yamazaki, Dai and Watanabe, Satoshi and Kim, Hyungjun and Kanae, Shinjiro},
	Doi = {10.1038/nclimate1911},
	Issn = {{1758-678X}},
	Journal = {Nat Clim Chang},
	Number = {9},
	Pages = {816-821},
	Title = {Global flood risk under climate change},
	Volume = {3},
	Year = {2013},
	Bdsk-Url-1 = {http://dx.doi.org/10.1038/nclimate1911}}

@article{Healey:2011,
	Author = {Healey, Michael and Bradford, Michael},
	Doi = {10.1139/f2011-010},
	Issn = {{0706-652X}},
	Journal = {Can J Fish Aquat Sci},
	Number = {4},
	Pages = {718-737},
	Title = {The cumulative impacts of climate change on Fraser River sockeye salmon {(Oncorhynchus} nerka) and implications for management},
	Volume = {68},
	Year = {2011},
	Bdsk-Url-1 = {http://dx.doi.org/10.1139/f2011-010}}

@article{Guerry:2015,
	Author = {Guerry, Anne D and Polasky, Stephen and Lubchenco, Jane and {Chaplin-Kramer,} Rebecca and Daily, Gretchen C and Griffin, Robert and Ruckelshaus, Mary and Bateman, Ian J and Duraiappah, Anantha and Elmqvist, Thomas and Feldman, Marcus W and Folke, Carl and Hoekstra, Jon and Kareiva, Peter M and Keeler, Bonnie L and Li, Shuzhuo and {McKenzie,} Emily and Ouyang, Zhiyun and Reyers, Belinda and Ricketts, Taylor H and Rockstr{\"o}m, Johan and Tallis, Heather and Vira, Bhaskar},
	Doi = {10.1073/pnas.1503751112},
	Issn = {0027-8424},
	Journal = {Proc Natl Acad Sci},
	Number = {24},
	Pages = {7348-7355},
	Pmcid = {{PMC4475956}},
	Pmid = {26082539},
	Title = {Natural capital and ecosystem services informing decisions: From promise to practice},
	Volume = {112},
	Year = {2015},
	Bdsk-Url-1 = {http://dx.doi.org/10.1073/pnas.1503751112}}

@article{George:2015,
	Author = {George, Andrew D and Thompson, Frank R and Faaborg, John},
	Doi = {10.1080/2150704X.2015.1088671},
	Issn = {{2150-704X}},
	Journal = {Remote Sens Lett},
	Number = {12},
	Pages = {924-932},
	Title = {Using {LiDAR} and remote microclimate loggers to downscale near-surface air temperatures for site-level studies},
	Volume = {6},
	Year = {2015},
	Bdsk-Url-1 = {http://dx.doi.org/10.1080/2150704X.2015.1088671}}

@article{Gelman:2008,
	Author = {Gelman, A and Hill, J},
	Doi = {10.1080/02664760801949043},
	Title = {Data analysis using regression and multilevel hierarchical models},
	Year = {2008},
	Bdsk-Url-1 = {http://dx.doi.org/10.1080/02664760801949043}}

@article{Dery:2012,
	Author = {D{\'e}ry, Stephen J and {Hern{\'a}ndez-Henr{\'\i}quez,} Marco A and Owens, Philip N and Parkes, Margot W and Petticrew, Ellen L},
	Doi = {10.1088/1748-9326/7/2/024019},
	Journal = {Environ Res Lett},
	Number = {2},
	Title = {A century of hydrological variability and trends in the Fraser River Basin},
	Volume = {7},
	Year = {2012},
	Bdsk-Url-1 = {http://dx.doi.org/10.1088/1748-9326/7/2/024019}}

@article{Donat:2016,
	Author = {Donat, Markus G and Lowry, Andrew L and Alexander, Lisa V and {O'Gorman,} Paul A and Maher, Nicola},
	Doi = {10.1038/nclimate2941},
	Issn = {{1758-678X}},
	Journal = {Nat Clim Chang},
	Number = {5},
	Pages = {508-513},
	Title = {More extreme precipitation in the world's dry and wet regions},
	Volume = {6},
	Year = {2016},
	Bdsk-Url-1 = {http://dx.doi.org/10.1038/nclimate2941}}

@article{Doak:1998,
	Author = {Doak, {DF} and Bigger, D and Harding, {EK} and Marvier, {MA} and {O'Malley,} {RE} and Thomson, D},
	Doi = {10.1086/286117},
	Issn = {0003-0147},
	Journal = {Am Nat},
	Number = {3},
	Pages = {264-276},
	Pmid = {18811357},
	Title = {The statistical inevitability of stability‐diversity relationships in community ecology},
	Volume = {151},
	Year = {1998},
	Bdsk-Url-1 = {http://dx.doi.org/10.1086/286117}}

@article{Conservation:1998,
	Author = {Conservation, {LCW} and Force, {RT}},
	Title = {Coast 2050: Toward a sustainable coastal Louisiana},
	Year = {2050}}

@article{Bindoff:2013,
	Author = {Bindoff, Nathaniel L and Stott, Peter A and {AchutaRao,} M and Allen, Myles R and Gillett, N and Gutzler, David and Hansingo, Kabumbwe and Hegerl, G and Hu, Yongyun and Jain, Suman},
	Title = {Detection and attribution of climate change: from global to regional},
	Year = {2013}}

@article{Arkema:2013,
	Author = {Arkema, Katie K and Guannel, Greg and Verutes, Gregory and Wood, Spencer A and Guerry, Anne and Ruckelshaus, Mary and Kareiva, Peter and Lacayo, Martin and Silver, Jessica M},
	Doi = {10.1038/nclimate1944},
	Issn = {{1758-678X}},
	Journal = {Nat Clim Chang},
	Number = {10},
	Pages = {913-918},
	Title = {Coastal habitats shield people and property from sea-level rise and storms},
	Volume = {3},
	Year = {2013},
	Bdsk-Url-1 = {http://dx.doi.org/10.1038/nclimate1944}}

@article{Hulme:2016,
	Author = {Hulme, M},
	Doi = {10.1038/nclimate2939},
	Issn = {{1758-678X}},
	Journal = {Nat Clim Chang},
	Number = {3},
	Pages = {222-224},
	Title = {1.5 [deg] C and climate research after the Paris Agreement},
	Volume = {6},
	Year = {2016},
	Bdsk-Url-1 = {http://dx.doi.org/10.1038/nclimate2939}}
